@article{Arksey.2005, 
  year = {2005}, 
  title = {{Scoping studies: towards a methodological framework}}, 
  author = {Arksey, Hilary and O'Malley, Lisa}, 
  journal = {International Journal of Social Research Methodology}, 
  issn = {1364-5579}, 
  doi = {10.1080/1364557032000119616}, 
  pages = {19--32}, 
  number = {1}, 
  volume = {8}
}

@article{Pham.2014, 
year = {2014}, 
title = {{A scoping review of scoping reviews: advancing the approach and enhancing the consistency}}, 
author = {Pham, Mai T. and Rajić, Andrijana and Greig, Judy D. and Sargeant, Jan M. and Papadopoulos, Andrew and McEwen, Scott A.}, 
journal = {Research Synthesis Methods}, 
issn = {1759-2879}, 
doi = {10.1002/jrsm.1123}, 
pmid = {26052958}, 
pmcid = {PMC4491356}, 
pages = {371--385}, 
number = {4}, 
volume = {5} 
}

@article{Sutton.2019, 
year = {2019}, 
title = {{Meeting the review family: exploring review types and associated information retrieval requirements}}, 
author = {Sutton, Anthea and Clowes, Mark and Preston, Louise and Booth, Andrew}, 
journal = {Health Information \& Libraries Journal}, 
issn = {1471-1834}, 
doi = {10.1111/hir.12276}, 
pmid = {31541534}, 
pages = {202--222}, 
number = {3}, 
volume = {36} 
}

@article{Peters.2021, 
year = {2021}, 
title = {{Scoping reviews: reinforcing and advancing the methodology and application}}, 
author = {Peters, Micah D. J. and Marnie, Casey and Colquhoun, Heather and Garritty, Chantelle M. and Hempel, Susanne and Horsley, Tanya and Langlois, Etienne V. and Lillie, Erin and O’Brien, Kelly K. and Tunçalp, {\"O}zge and Wilson, Michael G. and Zarin, Wasifa and Tricco, Andrea C.}, 
journal = {Systematic Reviews}, 
doi = {10.1186/s13643-021-01821-3}, 
pmid = {34625095}, 
pmcid = {PMC8499488}, 
pages = {263}, 
number = {1}, 
volume = {10} 
}

@book{JBI.2015, 
year = {2015}, 
title = {The Joanna Briggs Institute Reviewers’ Manual 2015: Methodology for JBI Scoping Reviews}, 
author = {{The Joanna Briggs Institute}}, 
publisher = {The Joanna Briggs Institute} 
}

@inbook{JBI.2020, 
year = {2020}, 
title = {{Chapter 11: Scoping Reviews (2020 version)}}, 
author = {Peters, Micah DJ and Godfrey, Christina and McInerney, Patricia and Munn, Zachary and Tricco, Andrea C. and Khalil, Hanan}, 
editor = {Aromataris, E and Munn, Z}, 
booktitle = {JBI Manual for Evidence Synthesis}, 
isbn = {9780648848806}, 
url = {https://synthesismanual.jbi.global/}, 
publisher = {JBI}, 
doi = {10.46658/jbimes-20-12} 
}

@article{Shemilt.2014, 
year = {2014}, 
title = {{Pinpointing needles in giant haystacks: use of text mining to reduce impractical screening workload in extremely large scoping reviews}}, 
author = {Shemilt, Ian and Simon, Antonia and Hollands, Gareth J. and Marteau, Theresa M. and Ogilvie, David and O'Mara‐Eves, Alison and Kelly, Michael P. and Thomas, James}, 
journal = {Research Synthesis Methods}, 
issn = {1759-2879}, 
doi = {10.1002/jrsm.1093}, 
pmid = {26054024}, 
pages = {31--49}, 
number = {1}, 
volume = {5} 
}

@article{Howard.2016, 
year = {2016}, 
title = {{SWIFT-Review: a text-mining workbench for systematic review}}, 
author = {Howard, Brian E. and Phillips, Jason and Miller, Kyle and Tandon, Arpit and Mav, Deepak and Shah, Mihir R. and Holmgren, Stephanie and Pelch, Katherine E. and Walker, Vickie and Rooney, Andrew A. and Macleod, Malcolm and Shah, Ruchir R. and Thayer, Kristina}, 
journal = {Systematic Reviews}, 
doi = {10.1186/s13643-016-0263-z}, 
pmid = {27216467}, 
pmcid = {PMC4877757}, 
pages = {87}, 
number = {1}, 
volume = {5} 
}

@article{Chai.2021, 
year = {2021}, 
title = {{Research Screener: a machine learning tool to semi-automate abstract screening for systematic reviews}}, 
author = {Chai, Kevin E. K. and Lines, Robin L. J. and Gucciardi, Daniel F. and Ng, Leo}, 
journal = {Systematic Reviews}, 
doi = {10.1186/s13643-021-01635-3}, 
pmid = {33795003}, 
pmcid = {PMC8017894}, 
pages = {93}, 
number = {1}, 
volume = {10} 
}

@article{Mortensen.2017, 
year = {2017}, 
title = {{An exploration of crowdsourcing citation screening for systematic reviews}}, 
author = {Mortensen, Michael L. and Adam, Gaelen P. and Trikalinos, Thomas A. and Kraska, Tim and Wallace, Byron C.}, 
journal = {Research Synthesis Methods}, 
issn = {1759-2879}, 
doi = {10.1002/jrsm.1252}, 
pmid = {28677322}, 
pmcid = {PMC5589498}, 
pages = {366--386}, 
number = {3}, 
volume = {8} 
}

@article{Stansfield.2013, 
year = {2013}, 
title = {{‘Clustering’ documents automatically to support scoping reviews of research: a case study}}, 
author = {Stansfield, Claire and Thomas, James and Kavanagh, Josephine}, 
journal = {Research Synthesis Methods}, 
issn = {1759-2879}, 
doi = {10.1002/jrsm.1082}, 
pmid = {26053843}, 
pages = {230--241}, 
number = {3}, 
volume = {4} 
}

@article{Khalil.2022, 
year = {2022}, 
title = {{Tools to support the automation of systematic reviews: a scoping review}}, 
author = {Khalil, Hanan and Ameen, Daniel and Zarnegar, Armita}, 
journal = {Journal of Clinical Epidemiology}, 
issn = {0895-4356}, 
doi = {10.1016/j.jclinepi.2021.12.005}, 
pmid = {34896236}, 
pages = {22--42}, 
volume = {144} 
}

@article{Gates.2019, 
year = {2019}, 
title = {{Performance and usability of machine learning for screening in systematic reviews: a comparative evaluation of three tools}}, 
author = {Gates, Allison and Guitard, Samantha and Pillay, Jennifer and Elliott, Sarah A. and Dyson, Michele P. and Newton, Amanda S. and Hartling, Lisa}, 
journal = {Systematic Reviews}, 
doi = {10.1186/s13643-019-1222-2}, 
pmid = {31727150}, 
pmcid = {PMC6857345}, 
pages = {278}, 
number = {1}, 
volume = {8} 
}

@misc{Radford.2018,
  title = {Improving language understanding by generative pre-training},
  author = {Radford, Alec and Narasimhan, Karthik and Salimans, Tim and Sutskever, Ilya and others},
  year = {2018},
  howpublished = {"\url{https://openai.com/research/language-unsupervised}"},
}

@misc{OpenAI.2023,
  title = {Introducing ChatGPT},
  author = {OpenAI},
  year = {2023},
  howpublished = {"\url{https://openai.com/blog/chatgpt}"}
}

@article{Guo.2023, 
  title = {Automated Paper Screening for Clinical Reviews Using Large Language Models}, 
  DOI = {10.48550/arxiv.2305.00844}, 
  journal = {arXiv}, 
  author = {Guo, Eddie and Gupta, Mehul and Deng, Jiawen and Park, Ye-Jean and Paget, Mike and Naugler, Christopher}, 
  year = {2023}
}

@article{Syriani.2023,
  title={Assessing the Ability of ChatGPT to Screen Articles for Systematic Reviews}, 
  author={Eugene Syriani and Istvan David and Gauransh Kumar},
  year={2023},
  journal = {arXiv}
}

@Manual{R.2023,
  title = {R: A Language and Environment for Statistical Computing},
  author = {{R Core Team}},
  organization = {R Foundation for Statistical Computing},
  address = {Vienna, Austria},
  year = {2023},
  url = {https://www.R-project.org/},
} 

@article{Wei.2022,
  title={Chain of Thought Prompting Elicits Reasoning in Large Language Models},
  DOI={10.48550/arxiv.2201.11903},
  journal={arXiv},
  author={Wei, Jason and Wang, Xuezhi and Schuurmans, Dale and Bosma, Maarten and Ichter, Brian and Xia, Fei and Chi, Ed and Le, Quoc and Zhou, Denny},
  year={2022}
}

@article{Yao.2023,
  title={Tree of Thoughts: Deliberate Problem Solving with Large Language Models},
  url={https://arxiv.org/abs/2305.10601},
  journal={arXiv},
  author={Yao, Shunyu and Yu, Dian and Zhao, Jeffrey and Shafran, Izhak and Griffiths, Thomas L. and Cao, Yuan and Narasimhan, Karthik},
  year={2023}
} 

@article{Peters.2020,
  title={Updated methodological guidance for the conduct of scoping reviews},
  volume={18},
  DOI={10.11124/jbies-20-00167},
  number={10},
  journal={JBI Evidence Synthesis},
  author={Peters, Micah D. J. and Marnie, Casey and Tricco, Andrea C and Pollock, Danielle and Munn, Zachary and Alexander, Lyndsay and McInerney, Patricia and Godfrey, Christina M and Khalil, Hanan},
  year={2020},
  pages={2119–2126}
}

@article{Kojima.2022,
  title={Large Language Models are Zero-Shot Reasoners},
  DOI={10.48550/arxiv.2205.11916},
  journal={arXiv},
  author={Kojima, Takeshi and Gu, Shixiang Shane and Reid, Machel and Matsuo, Yutaka and Iwasawa, Yusuke},
  year={2022}
}

@Manual{Revelle.2023,
    title = {psych: Procedures for Psychological, Psychometric, and Personality Research},
    author = {{William Revelle}},
    organization = {Northwestern University},
    address = {Evanston, Illinois},
    year = {2023},
    note = {R package version 2.3.6},
    url = {https://CRAN.R-project.org/package=psych},
}
